@article{knuth84,
  author = {Knuth, Donald E.},
  title = {Literate Programming},
  year = {1984},
  issue_date = {May 1984},
  publisher = {Oxford University Press, Inc.},
  address = {USA},
  volume = {27},
  number = {2},
  issn = {0010-4620},
  url = {https://doi.org/10.1093/comjnl/27.2.97},
  doi = {10.1093/comjnl/27.2.97},
  journal = {Comput. J.},
  month = may,
  pages = {97â€“111},
  numpages = {15}
}



@article{baker2016,
	title = {1,500 scientists lift the lid on reproducibility},
	author = {Baker, Monya},
	year = {2016},
	month = {05},
	date = {2016-05-25},
	journal = {Nature},
	pages = {452--454},
	volume = {533},
	number = {7604},
	doi = {10.1038/533452a},
	url = {http://dx.doi.org/10.1038/533452a},
	langid = {en}
}

@article{marwick2018,
	title = {Packaging Data Analytical Work Reproducibly Using R (and Friends)},
	author = {Marwick, Ben and Boettiger, Carl and Mullen, Lincoln},
	year = {2018},
	month = {01},
	date = {2018-01-02},
	journal = {The American Statistician},
	pages = {80--88},
	volume = {72},
	number = {1},
	doi = {10.1080/00031305.2017.1375986},
	url = {http://dx.doi.org/10.1080/00031305.2017.1375986},
	langid = {en}
}
