
@article{boettiger2018,
	title = {Cboettig/Noise-Phenomena: Supplement To: {"}From Noise To Knowledge: How Randomness Generates Novel Phenomena And Reveals Information{"}},
	author = {Boettiger, Carl},
	year = {2018},
	month = {04},
	date = {2018-04-17},
	doi = {10.5281/ZENODO.1219780},
	url = {https://zenodo.org/record/1219780}
}

@article{boettiger2018a,
	title = {From noise to knowledge: how randomness generates novel phenomena and reveals information},
	author = {Boettiger, Carl},
	editor = {Coulson, Tim},
	year = {2018},
	month = {05},
	date = {2018-05-22},
	journal = {Ecology Letters},
	pages = {1255--1267},
	volume = {21},
	number = {8},
	doi = {10.1111/ele.13085},
	url = {http://dx.doi.org/10.1111/ele.13085},
	langid = {en}
}
